<record><leader>00000cas a22000007a 4500</leader><controlfield tag="001">9697890</controlfield><controlfield tag="008">830713d19631986azumn ne      0   a0eng d</controlfield><datafield ind1=" " ind2=" " tag="010"><subfield code="a">sn 83004277 </subfield></datafield><datafield ind1=" " ind2=" " tag="040"><subfield code="a">NSD</subfield><subfield code="b">eng</subfield><subfield code="c">NSD</subfield><subfield code="d">ANN</subfield><subfield code="d">NSD</subfield><subfield code="d">OCLCQ</subfield><subfield code="d">OCLCF</subfield><subfield code="d">OCLCO</subfield></datafield><datafield ind1=" " ind2=" " tag="012"><subfield code="l">1</subfield><subfield code="m">d</subfield></datafield><datafield ind1="1" ind2=" " tag="022"><subfield code="a">0738-9604</subfield><subfield code="l">0738-9604</subfield><subfield code="2">1</subfield></datafield><datafield ind1="1" ind2=" " tag="029"><subfield code="a">AU@</subfield><subfield code="b">000020289769</subfield></datafield><datafield ind1=" " ind2=" " tag="032"><subfield code="a">090480</subfield><subfield code="b">USPS</subfield></datafield><datafield ind1=" " ind2=" " tag="042"><subfield code="a">nsdp</subfield><subfield code="a">msc</subfield></datafield><datafield ind1=" " ind2=" " tag="043"><subfield code="a">n-us-az</subfield></datafield><datafield ind1=" " ind2="0" tag="222"><subfield code="a">Carefree enterprise</subfield></datafield><datafield ind1="0" ind2="0" tag="245"><subfield code="a">Carefree enterprise.</subfield></datafield><datafield ind1=" " ind2=" " tag="260"><subfield code="a">Carefree, Ariz. :</subfield><subfield code="b">R.R. Rinehart,</subfield><subfield code="c">1963-</subfield></datafield><datafield ind1=" " ind2=" " tag="310"><subfield code="a">Monthly (except summer months)</subfield></datafield><datafield ind1="0" ind2=" " tag="362"><subfield code="a">Vol. 1, no. 1 (Nov. 21, 1963)-July/Aug. 1986.</subfield></datafield><datafield ind1=" " ind2=" " tag="500"><subfield code="a">Published in Scottsdale, Ariz., Oct. 1963-July/Aug. 1986.</subfield></datafield><datafield ind1=" " ind2="0" tag="651"><subfield code="a">Carefree (Ariz.)</subfield><subfield code="v">Newspapers.</subfield></datafield><datafield ind1=" " ind2="0" tag="651"><subfield code="a">Scottsdale (Ariz.)</subfield><subfield code="v">Newspapers.</subfield></datafield><datafield ind1=" " ind2="0" tag="651"><subfield code="a">Maricopa County (Ariz.)</subfield><subfield code="v">Newspapers.</subfield></datafield><datafield ind1=" " ind2="7" tag="655"><subfield code="a">Newspapers.</subfield><subfield code="2">fast</subfield><subfield code="0">(OCoLC)fst01423814</subfield></datafield><datafield ind1=" " ind2="7" tag="651"><subfield code="a">Arizona</subfield><subfield code="z">Carefree.</subfield><subfield code="2">fast</subfield><subfield code="0">(OCoLC)fst01208021</subfield></datafield><datafield ind1=" " ind2="7" tag="651"><subfield code="a">Arizona</subfield><subfield code="z">Maricopa County.</subfield><subfield code="2">fast</subfield><subfield code="0">(OCoLC)fst01217111</subfield></datafield><datafield ind1=" " ind2="7" tag="651"><subfield code="a">Arizona</subfield><subfield code="z">Scottsdale.</subfield><subfield code="2">fast</subfield><subfield code="0">(OCoLC)fst01204372</subfield></datafield><datafield ind1=" " ind2=" " tag="752"><subfield code="a">United States</subfield><subfield code="b">Arizona</subfield><subfield code="c">Maricopa</subfield><subfield code="d">Scottsdale.</subfield></datafield><datafield ind1=" " ind2=" " tag="752"><subfield code="a">United States</subfield><subfield code="b">Arizona</subfield><subfield code="c">Maricopa</subfield><subfield code="d">Carefree.</subfield></datafield><datafield ind1="0" ind2="0" tag="785"><subfield code="t">Carefree enterprise magazine</subfield><subfield code="x">1536-3945</subfield><subfield code="w">(DLC)  2001213497</subfield><subfield code="w">(OCoLC)31626709</subfield></datafield></record>